<?xml version="1.0"?>
<marc:collection xmlns:marc="http://www.loc.gov/MARC21/slim" xmlns:xsi="http://www.w3.org/2001/XMLSchema-instance" xsi:schemaLocation="http://www.loc.gov/MARC21/slim http://www.loc.gov/standards/marcxml/schema/MARC21slim.xsd">
   <marc:record type="Bibliographic">
      <marc:leader>01707cam a2200373 a 4500</marc:leader>
      <marc:controlfield tag="001">497627</marc:controlfield>
      <marc:controlfield tag="003">NjP</marc:controlfield>
      <marc:controlfield tag="005">20100811105300.0</marc:controlfield>
      <marc:controlfield tag="008">890306m19849999ir            000 0 ara d</marc:controlfield>
      <marc:datafield tag="024" ind1="7" ind2=" ">
         <marc:subfield code="a">princeton_aco000021</marc:subfield>
         <marc:subfield code="2">local</marc:subfield>
      </marc:datafield>
      <marc:datafield tag="035" ind1=" " ind2=" ">
         <marc:subfield code="a">(OCoLC)ocn175713685</marc:subfield>
      </marc:datafield>
      <marc:datafield tag="035" ind1=" " ind2=" ">
         <marc:subfield code="a">(OCoLC)175713685</marc:subfield>
      </marc:datafield>
      <marc:datafield tag="035" ind1=" " ind2=" ">
         <marc:subfield code="a">(CStRLIN)NJPG89-B11151</marc:subfield>
      </marc:datafield>
      <marc:datafield tag="035" ind1=" " ind2=" ">
         <marc:subfield code="9">ACH3391TS</marc:subfield>
      </marc:datafield>
      <marc:datafield tag="035" ind1=" " ind2=" ">
         <marc:subfield code="a">(NjP)497627</marc:subfield>
      </marc:datafield>
      <marc:datafield tag="040" ind1=" " ind2=" ">
         <marc:subfield code="a">NjP</marc:subfield>
         <marc:subfield code="c">PUL</marc:subfield>
         <marc:subfield code="d">PUL</marc:subfield>
      </marc:datafield>
      <marc:datafield tag="049" ind1=" " ind2=" ">
         <marc:subfield code="a">PULL</marc:subfield>
      </marc:datafield>
      <marc:datafield tag="079" ind1=" " ind2=" ">
         <marc:subfield code="a">ocm26453095</marc:subfield>
      </marc:datafield>
      <marc:datafield tag="100" ind1="0" ind2=" ">
         <marc:subfield code="6">880-01</marc:subfield>
         <marc:subfield code="a">Suyu&#x304;t&#x323;i&#x304;,</marc:subfield>
         <marc:subfield code="d">1445-1505.</marc:subfield>
      </marc:datafield>
      <marc:datafield tag="245" ind1="1" ind2="3">
         <marc:subfield code="6">880-02</marc:subfield>
         <marc:subfield code="a">al-Bahjah al-mard&#x323;i&#x304;yah /</marc:subfield>
         <marc:subfield code="c">li-Jala&#x304;l al-Di&#x304;n (al-Suyu&#x304;t&#x323;i&#x304;) &#x2BB;ala&#x301; Alfi&#x304;yat Ibn Ma&#x304;lik ; bi-ta&#x2BB;li&#x304;qat Mus&#x323;t&#x323;afa&#x301; al-H&#x323;usayni&#x304; al-Dashti&#x304;.</marc:subfield>
      </marc:datafield>
      <marc:datafield tag="260" ind1=" " ind2=" ">
         <marc:subfield code="6">880-03</marc:subfield>
         <marc:subfield code="a">[Qum] :</marc:subfield>
         <marc:subfield code="b">Maktabat al-Mufi&#x304;d wa-al-Fi&#x304;ru&#x304;z&#x2B9;a&#x304;ba&#x304;di&#x304;,</marc:subfield>
         <marc:subfield code="c">63- [i.e. 1984- ]</marc:subfield>
      </marc:datafield>
      <marc:datafield tag="300" ind1=" " ind2=" ">
         <marc:subfield code="a">v. ;</marc:subfield>
         <marc:subfield code="c">25 cm.</marc:subfield>
      </marc:datafield>
      <marc:datafield tag="600" ind1="1" ind2="0">
         <marc:subfield code="6">880-04</marc:subfield>
         <marc:subfield code="a">Ibn Ma&#x304;lik, Muh&#x323;ammad ibn &#x2BB;Abd Alla&#x304;h,</marc:subfield>
         <marc:subfield code="d">d. 1274.</marc:subfield>
         <marc:subfield code="t">Alfi&#x304;yah.</marc:subfield>
      </marc:datafield>
      <marc:datafield tag="650" ind1=" " ind2="0">
         <marc:subfield code="a">Arabic language</marc:subfield>
         <marc:subfield code="x">Grammar.</marc:subfield>
      </marc:datafield>
      <marc:datafield tag="700" ind1="1" ind2=" ">
         <marc:subfield code="6">880-05</marc:subfield>
         <marc:subfield code="a">H&#x323;usayni&#x304; al-Dashti&#x304;, Mus&#x323;t&#x323;afa&#x301;.</marc:subfield>
      </marc:datafield>
      <marc:datafield tag="880" ind1="0" ind2=" ">
         <marc:subfield code="6">100-01/r</marc:subfield>
         <marc:subfield code="a">&#x633;&#x64A;&#x648;&#x637;&#x64A;&#x60C;</marc:subfield>
         <marc:subfield code="d">1445-1505.</marc:subfield>
      </marc:datafield>
      <marc:datafield tag="880" ind1="1" ind2="2">
         <marc:subfield code="6">245-02/r</marc:subfield>
         <marc:subfield code="a">&#x627;&#x644;&#x628;&#x647;&#x62C;&#x629; &#x627;&#x644;&#x645;&#x631;&#x636;&#x64A;&#x629; /</marc:subfield>
         <marc:subfield code="c">&#x644;&#x62C;&#x644;&#x627;&#x644; &#x627;&#x644;&#x62F;&#x64A;&#x646; (&#x627;&#x644;&#x633;&#x64A;&#x648;&#x637;&#x64A;) &#x639;&#x644;&#x649; &#x627;&#x644;&#x641;&#x64A;&#x629; &#x627;&#x628;&#x646; &#x645;&#x627;&#x644;&#x643; &#x61B; &#x628;&#x62A;&#x639;&#x644;&#x64A;&#x642;&#x629; &#x645;&#x635;&#x637;&#x641;&#x649; &#x627;&#x644;&#x62D;&#x633;&#x64A;&#x646;&#x64A; &#x627;&#x644;&#x62F;&#x634;&#x62A;&#x64A;.</marc:subfield>
      </marc:datafield>
      <marc:datafield tag="880" ind1=" " ind2=" ">
         <marc:subfield code="6">260-03/r</marc:subfield>
         <marc:subfield code="a">[&#x642;&#x645;] :</marc:subfield>
         <marc:subfield code="b">&#x645;&#x643;&#x62A;&#x628;&#x629; &#x627;&#x644;&#x645;&#x641;&#x64A;&#x62F; &#x648;&#x627;&#x644;&#x641;&#x64A;&#x631;&#x648;&#x632;&#x627;&#x628;&#x627;&#x62F;&#x64A;&#x60C;</marc:subfield>
         <marc:subfield code="c">63- [&#x627;.. 1984- ]</marc:subfield>
      </marc:datafield>
      <marc:datafield tag="880" ind1="1" ind2="0">
         <marc:subfield code="6">600-04/r</marc:subfield>
         <marc:subfield code="a">&#x627;&#x628;&#x646; &#x645;&#x627;&#x644;&#x643;&#x60C; &#x645;&#x62D;&#x645;&#x62F; &#x628;&#x646; &#x639;&#x628;&#x62F; &#x627;&#x644;&#x644;&#x647;&#x60C;</marc:subfield>
         <marc:subfield code="d">d. 1274.</marc:subfield>
         <marc:subfield code="t">&#x627;&#x644;&#x641;&#x64A;&#x629;.</marc:subfield>
      </marc:datafield>
      <marc:datafield tag="880" ind1="1" ind2=" ">
         <marc:subfield code="6">700-05/r</marc:subfield>
         <marc:subfield code="a">&#x62D;&#x633;&#x64A;&#x646;&#x64A; &#x627;&#x644;&#x62F;&#x634;&#x62A;&#x64A;&#x60C; &#x645;&#x635;&#x637;&#x641;&#x649;.</marc:subfield>
      </marc:datafield>
      <marc:datafield tag="852" ind1="0" ind2=" ">
         <marc:subfield code="b">nec</marc:subfield>
         <marc:subfield code="h">PJ6101.I266</marc:subfield>
         <marc:subfield code="i">S898 1984</marc:subfield>
         <marc:subfield code="p">541185</marc:subfield>
         <marc:subfield code="x">reclassed from: 2272.66548.943</marc:subfield>
      </marc:datafield>
      <marc:datafield tag="998" ind1=" " ind2=" ">
         <marc:subfield code="a">07/28/92</marc:subfield>
         <marc:subfield code="s">9118</marc:subfield>
         <marc:subfield code="n">NjP</marc:subfield>
         <marc:subfield code="w">NJPG89B11151</marc:subfield>
         <marc:subfield code="d">03/06/89</marc:subfield>
         <marc:subfield code="c">JEB</marc:subfield>
         <marc:subfield code="b">JEB</marc:subfield>
         <marc:subfield code="i">920728</marc:subfield>
         <marc:subfield code="l">NJPG</marc:subfield>
      </marc:datafield>
      <marc:datafield tag="911" ind1=" " ind2=" ">
         <marc:subfield code="a">19921028</marc:subfield>
      </marc:datafield>
      <marc:datafield tag="912" ind1=" " ind2=" ">
         <marc:subfield code="a">19920728000000.0</marc:subfield>
      </marc:datafield>
      <marc:datafield tag="994" ind1=" " ind2=" ">
         <marc:subfield code="a">C0</marc:subfield>
         <marc:subfield code="b">PUL</marc:subfield>
      </marc:datafield>
      <marc:datafield tag="999" ind1=" " ind2=" ">
         <marc:subfield code="a">497627</marc:subfield>
      </marc:datafield>
   </marc:record>
</marc:collection>
